
@INPROCEEDINGS{GeoForests2013,
author={Kontschieder, P. and Kohli, P. and Shotton, J. and Criminisi, A.},
booktitle={Computer Vision and Pattern Recognition (CVPR), 2013 IEEE Conference on},
title={GeoF: Geodesic Forests for Learning Coupled Predictors},
year={2013},
month={June},
pages={65-72},
keywords={encoding;image segmentation;prediction theory;transforms;CRF energy;GeoF;auto-context model;conditional random field energy;correlations;coupled predictor learning;decision forest based methods;decision forest training;entangled forest model;forest based model;forest training objective;generalized geodesic distance transforms;geodesic forests;image labelling tasks;object segmentation;pixel labellings;random field models;semantic image segmentation;semantic texton forest model;spatial consistency;structured prediction;variable dependency encoding;Computational modeling;Context;Image segmentation;Labeling;Semantics;Training;Vegetation;Decision forests;Markov random fields;conditional random fields;context;random forests},
doi={10.1109/CVPR.2013.16},
ISSN={1063-6919},}

@INPROCEEDINGS{AutoContext2008,
author={Zhuowen Tu},
booktitle={Computer Vision and Pattern Recognition, 2008. CVPR 2008. IEEE Conference on},
title={Auto-context and its application to high-level vision tasks},
year={2008},
month={June},
pages={1-8},
keywords={Markov processes;computer vision;image classification;image segmentation;Markov random fields;autocontext algorithm;conditional random fields;context information;high-level vision problems;high-level vision tasks;human body configuration;integrated low-level-context model;local image patches;multivariate labeling;object segmentation;scene region labeling;training images;Algorithm design and analysis;Biological system modeling;Context modeling;Hidden Markov models;Labeling;Layout;Markov random fields;Neuroimaging;Shape;Statistics},
doi={10.1109/CVPR.2008.4587436},
ISSN={1063-6919},}

@incollection{Glocker2012,
year={2012},
isbn={978-3-642-33453-5},
booktitle={Medical Image Computing and Computer-Assisted Intervention – MICCAI 2012},
volume={7512},
series={Lecture Notes in Computer Science},
editor={Ayache, Nicholas and Delingette, Hervé and Golland, Polina and Mori, Kensaku},
doi={10.1007/978-3-642-33454-2_73},
title={Automatic Localization and Identification of Vertebrae in Arbitrary Field-of-View CT Scans},
url={http://dx.doi.org/10.1007/978-3-642-33454-2_73},
publisher={Springer Berlin Heidelberg},
author={Glocker, Ben and Feulner, J. and Criminisi, Antonio and Haynor, D.R. and Konukoglu, E.},
pages={590-598},
language={English}
}

@incollection{Glocker2013,
year={2013},
isbn={978-3-642-40762-8},
booktitle={Medical Image Computing and Computer-Assisted Intervention – MICCAI 2013},
volume={8150},
series={Lecture Notes in Computer Science},
editor={Mori, Kensaku and Sakuma, Ichiro and Sato, Yoshinobu and Barillot, Christian and Navab, Nassir},
doi={10.1007/978-3-642-40763-5_33},
title={Vertebrae Localization in Pathological Spine CT via Dense Classification from Sparse Annotations},
url={http://dx.doi.org/10.1007/978-3-642-40763-5_33},
publisher={Springer Berlin Heidelberg},
author={Glocker, Ben and Zikic, Darko and Konukoglu, Ender and Haynor, DavidR. and Criminisi, Antonio},
pages={262-270},
language={English}
}

@article{BrainSeg2013,
year={2013},
issn={1539-2791},
journal={Neuroinformatics},
volume={11},
number={4},
doi={10.1007/s12021-013-9190-5},
title={Deformable Templates Guided Discriminative Models for Robust 3D Brain MRI Segmentation},
url={http://dx.doi.org/10.1007/s12021-013-9190-5},
publisher={Springer US},
keywords={Brain image segmentation; Fusion; Deformable templates; Discriminative models; Generative models},
author={Liu, Cheng-Yi and Iglesias, JuanEugenio and Tu, Zhuowen},
pages={447-468},
language={English}
}

@incollection{Denzler2012,
year={2012},
isbn={978-3-642-32716-2},
booktitle={Pattern Recognition},
volume={7476},
series={Lecture Notes in Computer Science},
editor={Pinz, Axel and Pock, Thomas and Bischof, Horst and Leberl, Franz},
doi={10.1007/978-3-642-32717-9_1},
title={As Time Goes by -- Anytime Semantic Segmentation with Iterative Context Forests},
url={http://dx.doi.org/10.1007/978-3-642-32717-9_1},
publisher={Springer Berlin Heidelberg},
author={Fr\"ohlich, Bj\"orn and Rodner, Erik and Denzler, Joachim},
pages={1-10},
language={English}
}

@article{CootesAAM2001,
author = {Timothy F. Cootes and Gareth J. Edwards and Christopher J. Taylor},
title = {Active Appearance Models},
journal ={IEEE Transactions on Pattern Analysis and Machine Intelligence},
volume = {23},
number = {6},
issn = {0162-8828},
year = {2001},
pages = {681-685},
doi = {http://doi.ieeecomputersociety.org/10.1109/34.927467},
publisher = {IEEE Computer Society},
address = {Los Alamitos, CA, USA},
}

@article{BakerAAM2004,
year={2004},
issn={0920-5691},
journal={International Journal of Computer Vision},
volume={60},
number={2},
doi={10.1023/B:VISI.0000029666.37597.d3},
title={Active Appearance Models Revisited},
url={http://dx.doi.org/10.1023/B%3AVISI.0000029666.37597.d3},
publisher={Kluwer Academic Publishers},
keywords={Active Appearance Models; AAMs; Active Blobs; Morphable Models; fitting; efficiency; Gauss-Newton gradient descent; inverse compositional image alignment},
author={Matthews, Iain and Baker, Simon},
pages={135-164},
language={English}
}

@ARTICLE{CootesFemurTMI2013, 
author={Lindner, C. and Thiagarajah, S. and Wilkinson, J.M. and Consortium, T.A. and Wallis, G.A. and Cootes, T.F.}, 
journal={Medical Imaging, IEEE Transactions on}, 
title={Fully Automatic Segmentation of the Proximal Femur Using Random Forest Regression Voting}, 
year={2013}, 
month={Aug}, 
volume={32}, 
number={8}, 
pages={1462-1472}, 
keywords={bone;diagnostic radiography;diseases;feature extraction;image matching;image segmentation;medical image processing;random processes;regression analysis;alternative matching technique;anteroposterior pelvic radiograph;bone contour extraction;disease diagnosis;fully automatic segmentation;global model;local detector;local model;mean point-to-curve error;model point;optimal position;preoperative planning;proximal femur segmentation;random forest regression voting;statistical shape model;system performance;treatment analysis;Detectors;Feature extraction;Image segmentation;Radio frequency;Radiography;Shape;Training;Automatic femur segmentation;Constrained Local Models (CLMs);Hough transform;Random Forests;femur detection;Algorithms;Databases, Factual;Decision Trees;Female;Femur;Humans;Image Processing, Computer-Assisted;Male;Osteoarthritis, Hip;Regression Analysis;Reproducibility of Results}, 
doi={10.1109/TMI.2013.2258030}, 
ISSN={0278-0062},}

@incollection{CootesECCV2012RRFandSSM,
year={2012},
isbn={978-3-642-33785-7},
booktitle={Computer Vision – ECCV 2012},
volume={7578},
series={Lecture Notes in Computer Science},
editor={Fitzgibbon, Andrew and Lazebnik, Svetlana and Perona, Pietro and Sato, Yoichi and Schmid, Cordelia},
doi={10.1007/978-3-642-33786-4_21},
title={Robust and Accurate Shape Model Fitting Using Random Forest Regression Voting},
url={http://dx.doi.org/10.1007/978-3-642-33786-4_21},
publisher={Springer Berlin Heidelberg},
author={Cootes, TimF. and Ionita, MirceaC. and Lindner, Claudia and Sauer, Patrick},
pages={278-291},
language={English}
}

@incollection{CriminisiAbdominalIPMI2011,
year={2011},
isbn={978-3-642-22091-3},
booktitle={Information Processing in Medical Imaging},
volume={6801},
series={Lecture Notes in Computer Science},
editor={Székely, Gábor and Hahn, HorstK.},
doi={10.1007/978-3-642-22092-0_16},
title={Entangled Decision Forests and Their Application for Semantic Segmentation of CT Images},
url={http://dx.doi.org/10.1007/978-3-642-22092-0_16},
publisher={Springer Berlin Heidelberg},
keywords={Entanglement; auto-context; decision forests; CT; segmentation},
author={Montillo, Albert and Shotton, Jamie and Winn, John and Iglesias, JuanEugenio and Metaxas, Dimitri and Criminisi, Antonio},
pages={184-196},
language={English}
}

@inproceedings{SeifertAnatomicalSPIE2009,
author = {Seifert, Sascha and Barbu, Adrian and Zhou, S. Kevin and Liu, David and Feulner, Johannes and Huber, Martin and Suehling, Michael and Cavallaro, Alexander and Comaniciu, Dorin},
title = {Hierarchical parsing and semantic navigation of full body CT data},
journal = {Proc. SPIE},
volume = {7259},
number = {},
pages = {725902-725902-8},
year = {2009},
doi = {10.1117/12.812214},
URL = { http://dx.doi.org/10.1117/12.812214},
eprint = {}
}

@incollection{PoseMachinesECCV2014,
year={2014},
isbn={978-3-319-10604-5},
booktitle={Computer Vision – ECCV 2014},
volume={8690},
series={Lecture Notes in Computer Science},
editor={Fleet, David and Pajdla, Tomas and Schiele, Bernt and Tuytelaars, Tinne},
doi={10.1007/978-3-319-10605-2_3},
title={Pose Machines: Articulated Pose Estimation via Inference Machines},
url={http://dx.doi.org/10.1007/978-3-319-10605-2_3},
publisher={Springer International Publishing},
author={Ramakrishna, Varun and Munoz, Daniel and Hebert, Martial and Andrew Bagnell, James and Sheikh, Yaser},
pages={33-47},
language={English}
}

@article{Klinder2009471,
title = "Automated model-based vertebra detection, identification, and segmentation in \{CT\} images ",
journal = "Medical Image Analysis ",
volume = "13",
number = "3",
pages = "471 - 482",
year = "2009",
note = "",
issn = "1361-8415",
doi = "http://dx.doi.org/10.1016/j.media.2009.02.004",
url = "http://www.sciencedirect.com/science/article/pii/S1361841509000085",
author = {Tobias Klinder and J\"orn Ostermann and Matthias Ehm and Astrid Franz and Reinhard Kneser and Cristian Lorenz}
}

@incollection{TeethMICCAI2012,
year={2012},
isbn={978-3-642-33414-6},
booktitle={Medical Image Computing and Computer-Assisted Intervention – MICCAI 2012},
volume={7510},
series={Lecture Notes in Computer Science},
editor={Ayache, Nicholas and Delingette, Hervé and Golland, Polina and Mori, Kensaku},
doi={10.1007/978-3-642-33415-3_75},
title={Automatic Detection and Classification of Teeth in CT Data},
url={http://dx.doi.org/10.1007/978-3-642-33415-3_75},
publisher={Springer Berlin Heidelberg},
author={Duy, NguyenThe and Lamecker, Hans and Kainmueller, Dagmar and Zachow, Stefan},
pages={609-616},
language={English}
}

@incollection{WormMiccai2014,
year={2014},
isbn={978-3-319-10403-4},
booktitle={Medical Image Computing and Computer-Assisted Intervention – MICCAI 2014},
volume={8673},
series={Lecture Notes in Computer Science},
editor={Golland, Polina and Hata, Nobuhiko and Barillot, Christian and Hornegger, Joachim and Howe, Robert},
doi={10.1007/978-3-319-10404-1_11},
title={Active Graph Matching for Automatic Joint Segmentation and Annotation of C. elegans},
url={http://dx.doi.org/10.1007/978-3-319-10404-1_11},
publisher={Springer International Publishing},
author={Kainmueller, Dagmar and Jug, Florian and Rother, Carsten and Myers, Gene},
pages={81-88},
language={English}
}

@book{chambers1983graphical,
  title={Graphical Methods for Data Analysis},
  author={Chambers, J.M.},
  isbn={9780534980528},
  lccn={83003660},
  series={Chapman \& Hall statistics series},
  url={http://books.google.de/books?id=I-tQAAAAMAAJ},
  year={1983},
  publisher={Wadsworth International Group}
}

@incollection{NIPS2012_4824,
title = {ImageNet Classification with Deep Convolutional Neural Networks},
author = {Alex Krizhevsky and Sutskever, Ilya and Geoffrey E. Hinton},
booktitle = {Advances in Neural Information Processing Systems 25},
editor = {F. Pereira and C.J.C. Burges and L. Bottou and K.Q. Weinberger},
pages = {1097--1105},
year = {2012},
publisher = {Curran Associates, Inc.},
url = {http://papers.nips.cc/paper/4824-imagenet-classification-with-deep-convolutional-neural-networks.pdf}
}

@INPROCEEDINGS{UweCVPR2013,
author={Schmidt, U. and Rother, C. and Nowozin, S. and Jancsary, J. and Roth, S.},
booktitle={Computer Vision and Pattern Recognition (CVPR), 2013 IEEE Conference on},
title={Discriminative Non-blind Deblurring},
year={2013},
month={June},
pages={604-611},
keywords={Gaussian processes;image restoration;minimisation;regression analysis;trees (mathematics);Gaussian CRF;camera shake;discriminative model cascade;discriminative nonblind deblurring;half-quadratic regularization;image deblurring;image restoration quality;learning-based deblurring method;loss minimization;regression tree field;synthetically generated blur kernel;Computational modeling;Image denoising;Image restoration;Kernel;Predictive models;Regression tree analysis;Training},
doi={10.1109/CVPR.2013.84},
ISSN={1063-6919},}

@incollection{Glocker21012,
year={2012},
isbn={978-3-642-33453-5},
booktitle={Medical Image Computing and Computer-Assisted Intervention – MICCAI 2012},
volume={7512},
series={Lecture Notes in Computer Science},
editor={Ayache, Nicholas and Delingette, Hervé and Golland, Polina and Mori, Kensaku},
doi={10.1007/978-3-642-33454-2_73},
title={Automatic Localization and Identification of Vertebrae in Arbitrary Field-of-View CT Scans},
url={http://dx.doi.org/10.1007/978-3-642-33454-2_73},
publisher={Springer Berlin Heidelberg},
author={Glocker, Ben and Feulner, J. and Criminisi, Antonio and Haynor, D.R. and Konukoglu, E.},
pages={590-598},
language={English}
}

@incollection{funke2014candidate,
  title={Candidate Sampling for Neuron Reconstruction from Anisotropic Electron Microscopy Volumes},
  author={Funke, Jan and Martel, Julien NP and Gerhard, Stephan and Andres, Bjoern and Cire{\c{s}}an, Dan C and Giusti, Alessandro and Gambardella, Luca M and Schmidhuber, J{\"u}rgen and Pfister, Hanspeter and Cardona, Albert and others},
  booktitle={Medical Image Computing and Computer-Assisted Intervention--MICCAI 2014},
  pages={17--24},
  year={2014},
  publisher={Springer}
}

@INPROCEEDINGS{DTF,
author={Nowozin, S. and Rother, C. and Bagon, S. and Sharp, T. and Bangpeng Yao and Kohli, P.},
booktitle={Computer Vision (ICCV), 2011 IEEE International Conference on},
title={Decision tree fields},
year={2011},
month={Nov},
pages={1668-1675},
keywords={computer vision;decision trees;boosting based classifiers;computer vision;conditional random fields;convex approximate likelihood function;decision tree fields;discrete image labeling tasks;graphical models;random forests;Computational modeling;Computer vision;Data models;Decision trees;Graphical models;Labeling;Training},
doi={10.1109/ICCV.2011.6126429},
ISSN={1550-5499},}

@INPROCEEDINGS{RTF,
author={Jancsary, J. and Nowozin, S. and Sharp, T. and Rother, C.},
booktitle={Computer Vision and Pattern Recognition (CVPR), 2012 IEEE Conference on},
title={Regression Tree Fields -- An efficient, non-parametric approach to image labeling problems},
year={2012},
month={June},
pages={2376-2383},
keywords={Gaussian processes;decision trees;image processing;inference mechanisms;regression analysis;DTF;RTF;conditional random field model;decision tree field model;energy function parameters;expressive power;image labeling problems;nonparametric approach;nonparametric regression trees;regression tree fields;tractable Gaussian random field;tractable test-time inference;vector-valued labeling tasks;Computational modeling;Data models;Joints;Labeling;Regression tree analysis;Training;Training data},
doi={10.1109/CVPR.2012.6247950},
ISSN={1063-6919},}

@article{BreimanRF,
year={2001},
issn={0885-6125},
journal={Machine Learning},
volume={45},
number={1},
doi={10.1023/A:1010933404324},
title={Random Forests},
url={http://dx.doi.org/10.1023/A%3A1010933404324},
publisher={Kluwer Academic Publishers},
keywords={classification; regression; ensemble},
author={Breiman, Leo},
pages={5-32},
language={English}
}
